@site{Prometeia-aboutus,
  title = {Prometeia - About Us},
  year = {2022},
  url = {https://www.prometeia.com/it/about-us},
}

@site{Apache-hadoop,
  title = {Apache Hadoop},
  year = {2022},
  url = {https://hadoop.apache.org/},
}

%@article{SpecificaProgettoHPC,
  author = {Moreno Marzolla},
  title = {Progetto di High Performance Computing 2019-2020},
  year = {2019},
  url = {https://www.moreno.marzolla.name/teaching/HPC/convex-hull}
}

%@book{sample,
  author = {a},
  title = {a},
  year = {1000}
}
